@techreport{ animosha,
	author = {Levison, Libby},
	url = {https://repository.upenn.edu/cgi/viewcontent.cgi?referer=https://www.google.co.uk/&httpsredir=1&article=1398&context=cis_reports},
	title = {Action Composition For The Animation Of Natural Language Instructions},
	institution = {Universirt of Pennsylvania},
	year = {1991}
}

@incollection{ piskorski2013information,
  abstract = {In this chapter we present a brief overview of Information Extraction, which is an area of natural language processing that deals with finding factual information in free text. In formal terms, },
  added-at = {2014-11-20T09:11:33.000+0100},
  author = {Piskorski, Jakub and Yangarber, Roman},
  biburl = {https://www.bibsonomy.org/bibtex/255c1de993e15515d35b68a512088d607/hotho},
  booktitle = {Multi-source, Multilingual Information Extraction and Summarization},
  description = {Information Extraction: Past, Present and Future - Springer},
  doi = {10.1007/978-3-642-28569-1_2},
  editor = {Poibeau, Thierry and Saggion, Horacio and Piskorski, Jakub and Yangarber, Roman},
  interhash = {276145faeb3b45461f09f6ae5aabef5e},
  intrahash = {55c1de993e15515d35b68a512088d607},
  isbn = {978-3-642-28568-4},
  keywords = {extraction information sota survey},
  language = {English},
  pages = {23-49},
  publisher = {Springer Berlin Heidelberg},
  series = {Theory and Applications of Natural Language Processing},
  timestamp = {2014-11-20T09:11:54.000+0100},
  title = {Information Extraction: Past, Present and Future},
  url = {http://dx.doi.org/10.1007/978-3-642-28569-1_2},
  year = 2013
}

@techreport{ ollie,
  author = {Mausam and Schmitz, Michael and Bart, Robert and Soderland, Stephen and Etzioni, Oren},
  url = {http://dx.doi.org/10.1007/978-3-642-28569-1_2},
  title = {Open Language Learning for Information Extraction},
  institution = {University of Washington, Seattle},
  year = {2010}
}

@techreport{ stanfordie,
  author = {Angeli, Gabor and Johnson Pemkumar, Melvin and Maning, Cristopher},
  url = {https://homes.cs.washington.edu/~mausam/papers/kcap11.pdf},
  title = {Leveraging Linguistic Structure For Open Domain Information Extraction},
  institution = {Stanford University},
  year = {2015}
}

@techreport{ openiefour,
  author = {Chrisensen, Anasa and Mausam and Soderland, Stephen and Etzioni, Oren},
  url = {https://homes.cs.washington.edu/~mausam/papers/kcap11.pdf},
  title = {An Analysis of Open Information Extraction based on Semantic Role Labeling},
  institution = {University of Washington, Seattle},
  year = {2011}
}

@misc{ openiefivegit,
  author = {dair-iitd},
  title = {OpenIE-standalone},
  year = {2017},
  publisher = {GitHub},
  journal = {GitHub repository},
  howpublished = {\url{https://github.com/dair-iitd/OpenIE-standalone}},
  commit = {7937d20fc169265af32dee89d323dd4bf8c96aef}
}


@techreport{ benchmark,
  author = {Stanovsky, Gabriel and Dagan, Ido},
  url = {https://gabrielstanovsky.github.io/assets/papers/emnlp16a/paper.pdf},
  title = {Creating a Large Benchmark for Open Information Extraction},
  institution = {EMNLP2016},
  year = {2016}
}

@techreport{ claus,
  author = {Del Corro, Luciano and Gemulla, Rainer},
  url = {http://resources.mpi-inf.mpg.de/d5/clausie/clausie-www13.pdf},
  title = {ClausIE: Clause-Based Open Information Extraction},
  institution = {Max-Planck-Institute fÃ¼r Informatik},
  year = {2013}
}
